@book{freund2006regression,
  title={Regression Analysis},
  author={Freund, R.J. and Wilson, W.J. and Sa, P.},
  isbn={9780080522975},
  series={Regression Analysis},
  url={https://books.google.com.br/books?id=Us4YE8lJVYMC},
  year={2006},
  publisher={Elsevier Science}
}
